%
%  An example of a bibliographical database for bibTeX
%
%  Recommended software for maintenance of *.bib files:
%    JabRef, http://jabref.sourceforge.net/
%
%  BEWARE:
%
%    *  If a name contains a capital letter, which must be kept such,
%       use curly brackets ({T}hailand, {HIV}).
%
%  ===========================================================================

@inproceedings{ulbricht2006verification,
	title={Verification of physically based rendering algorithms},
	author={Ulbricht, Christiane and Wilkie, Alexander and Purgathofer, Werner},
	booktitle={Computer Graphics Forum},
	volume={25},
	number={2},
	pages={237--255},
	year={2006},
	organization={Wiley Online Library}
}

@book{pharr2016physically,
	title={Physically based rendering: From theory to implementation},
	author={Pharr, Matt and Jakob, Wenzel and Humphreys, Greg},
	year={2016},
	publisher={Morgan Kaufmann}
}

@article{nimier2019mitsuba,
	title={Mitsuba 2: A retargetable forward and inverse renderer},
	author={Nimier-David, Merlin and Vicini, Delio and Zeltner, Tizian and Jakob, Wenzel},
	journal={ACM Transactions on Graphics (TOG)},
	volume={38},
	number={6},
	pages={1--17},
	year={2019},
	publisher={ACM New York, NY, USA}
}

@book{wyszecki1982color,
	title={Color science},
	author={Wyszecki, Gunter and Stiles, Walter Stanley},
	volume={8},
	year={1982},
	publisher={Wiley New York}
}

@inproceedings{kajiya1986rendering,
	title={The rendering equation},
	author={Kajiya, James T},
	booktitle={Proceedings of the 13th annual conference on Computer graphics and interactive techniques},
	pages={143--150},
	year={1986}
}